<?xml version="1.0" encoding="UTF-8"?><collection xmlns="http://www.loc.gov/MARC21/slim"><record><leader>00350nam--2200121-i-4500</leader><controlfield tag="001">000014583</controlfield><controlfield tag="002">20161230</controlfield><controlfield tag="005">20161230201030</controlfield><controlfield tag="008">060222s1000------------r-----000-0-eng-d</controlfield><datafield ind1=" " ind2=" " tag="080"><subfield code="a">621.9(085.2)</subfield></datafield><datafield ind1=" " ind2=" " tag="245"><subfield code="a">Catalog de fise tehnice. scule, dispozitive si verificatoare. ca 19 sdv-uri. nr.1</subfield></datafield><datafield ind1=" " ind2=" " tag="260"><subfield code="a">Bucuresti, O.I.D.C.M., 1980. 295 P</subfield></datafield><datafield ind1=" " ind2=" " tag="852"><subfield code="a">D.2140</subfield></datafield></record></collection>